@article{aipaper,
  author    = {Rob Dolci},
  title     = {IoT Solutions for Precision Farming and Food Manufacturing: Artificial Intelligence Applications in Digital Food},
  journal   = {IEEE Conference Publications},
  year      = {2017},
  volume    = {02},
  pages     = {384--385},
}

@book{aibook,
  author    = {Peter Norvig, Stuart J. Russell},
  title     = {Artificial Intelligence: A Modern Approach},
  year      = {1994},
  publisher = {Prentice Hall},
  isbn      = {0-13-604259-7},
}
